<record><leader>00000cas a2200000 a 4500</leader><controlfield tag="001">9480575</controlfield><controlfield tag="008">830505d19431962nyuwr ne      0    0eng c</controlfield><datafield ind1=" " ind2=" " tag="010"><subfield code="a">sn 83030339 </subfield></datafield><datafield ind1=" " ind2=" " tag="040"><subfield code="a">NPU</subfield><subfield code="b">eng</subfield><subfield code="c">NPU</subfield><subfield code="d">NPV</subfield><subfield code="d">DLC</subfield><subfield code="d">NPI</subfield><subfield code="d">NST</subfield><subfield code="d">NJW</subfield><subfield code="d">YOX</subfield><subfield code="d">NYS</subfield><subfield code="d">NSD</subfield><subfield code="d">IUL</subfield><subfield code="d">MGN</subfield><subfield code="d">NYS</subfield><subfield code="d">RHN</subfield><subfield code="d">CNK</subfield><subfield code="d">NYS</subfield><subfield code="d">OCL</subfield><subfield code="d">NVF</subfield><subfield code="d">OBN</subfield><subfield code="d">CRL</subfield><subfield code="d">NVF</subfield><subfield code="d">DLC</subfield><subfield code="d">CVF</subfield><subfield code="d">DLC</subfield><subfield code="d">OCL</subfield><subfield code="d">NYS</subfield><subfield code="d">IUL</subfield><subfield code="d">NYS</subfield><subfield code="d">HLS</subfield><subfield code="d">CRL</subfield><subfield code="d">DLC</subfield><subfield code="d">CRL</subfield><subfield code="d">OCLCQ</subfield><subfield code="d">OCLCF</subfield><subfield code="d">OCLCO</subfield></datafield><datafield ind1="1" ind2=" " tag="029"><subfield code="a">AU@</subfield><subfield code="b">000020265763</subfield></datafield><datafield ind1=" " ind2=" " tag="042"><subfield code="a">pcc</subfield></datafield><datafield ind1=" " ind2=" " tag="043"><subfield code="a">n-us-ny</subfield></datafield><datafield ind1="0" ind2="0" tag="050"><subfield code="a">Newspaper</subfield></datafield><datafield ind1="0" ind2=" " tag="130"><subfield code="a">New York Amsterdam news (New York, N.Y. : 1943 : City ed.)</subfield></datafield><datafield ind1="1" ind2="0" tag="245"><subfield code="a">New York Amsterdam news.</subfield></datafield><datafield ind1="3" ind2=" " tag="246"><subfield code="a">Amsterdam news</subfield></datafield><datafield ind1="3" ind2=" " tag="246"><subfield code="a">Brooklyn Amsterdam news</subfield></datafield><datafield ind1="3" ind2=" " tag="246"><subfield code="a">Brooklyn New York Amsterdam news</subfield></datafield><datafield ind1=" " ind2=" " tag="250"><subfield code="a">City ed.</subfield></datafield><datafield ind1=" " ind2=" " tag="260"><subfield code="a">[New York, N.Y.] :</subfield><subfield code="b">Powell-Savory Corp.,</subfield><subfield code="c">1943-1962.</subfield></datafield><datafield ind1=" " ind2=" " tag="300"><subfield code="a">v.</subfield></datafield><datafield ind1=" " ind2=" " tag="310"><subfield code="a">Weekly</subfield></datafield><datafield ind1="0" ind2=" " tag="362"><subfield code="a">Vol. 34, no. 17 (Apr. 3, 1943)-v. 41, no. 29 (May 19, 1962).</subfield></datafield><datafield ind1=" " ind2=" " tag="500"><subfield code="a">Includes section called: Brooklyn Amsterdam news, Sept. 11, 1943-June 21, 1947 and &lt;Jan. 6&gt;-May 19, 1962.</subfield></datafield><datafield ind1=" " ind2=" " tag="500"><subfield code="a">Includes section called: Brooklyn New York Amsterdam news, June 28, 1947-Nov. 11, 1961.</subfield></datafield><datafield ind1=" " ind2=" " tag="500"><subfield code="a">Issues for Feb. 3-May 19, 1962 called: Local ed.</subfield></datafield><datafield ind1=" " ind2=" " tag="515"><subfield code="a">Volume numbering increments in Dec. of each year. Beginning in 1962, vol. numbering increments with the first issue in Janurary.</subfield></datafield><datafield ind1=" " ind2=" " tag="530"><subfield code="a">Also issued on microfilm from the New York Public Library.</subfield></datafield><datafield ind1=" " ind2=" " tag="580"><subfield code="a">National eds.: New York Amsterdam news (New York, N.Y. : 1943 : National ed.), 1943-1949; National New York Amsterdam news, 1949-&lt;1952&gt;; and New York Amsterdam news (New York, N.Y. : 1962 : National ed.), &lt;1962&gt;-1962.</subfield></datafield><datafield ind1=" " ind2=" " tag="580"><subfield code="a">Merged with: New York Amsterdam news (New York, N.Y. : 1962 : National ed.) to form: New York Amsterdam news (New York, N.Y. : 1962).</subfield></datafield><datafield ind1=" " ind2="0" tag="650"><subfield code="a">African Americans</subfield><subfield code="z">New York (State)</subfield><subfield code="z">New York</subfield><subfield code="v">Newspapers.</subfield></datafield><datafield ind1=" " ind2="0" tag="651"><subfield code="a">New York (N.Y.)</subfield><subfield code="v">Newspapers.</subfield></datafield><datafield ind1=" " ind2="0" tag="651"><subfield code="a">New York County (N.Y.)</subfield><subfield code="v">Newspapers.</subfield></datafield><datafield ind1=" " ind2="0" tag="651"><subfield code="a">Brooklyn (New York, N.Y.)</subfield><subfield code="v">Newspapers.</subfield></datafield><datafield ind1=" " ind2="0" tag="651"><subfield code="a">Kings County (N.Y.)</subfield><subfield code="v">Newspapers.</subfield></datafield><datafield ind1=" " ind2="7" tag="655"><subfield code="a">Newspapers.</subfield><subfield code="2">fast</subfield><subfield code="0">(OCoLC)fst01423814</subfield></datafield><datafield ind1=" " ind2="7" tag="650"><subfield code="a">African Americans.</subfield><subfield code="2">fast</subfield><subfield code="0">(OCoLC)fst00799558</subfield></datafield><datafield ind1=" " ind2="7" tag="651"><subfield code="a">New York (State)</subfield><subfield code="z">Kings County.</subfield><subfield code="2">fast</subfield><subfield code="0">(OCoLC)fst01220099</subfield></datafield><datafield ind1=" " ind2="7" tag="651"><subfield code="a">New York (State)</subfield><subfield code="z">New York.</subfield><subfield code="2">fast</subfield><subfield code="0">(OCoLC)fst01204333</subfield></datafield><datafield ind1=" " ind2="7" tag="651"><subfield code="a">New York (State)</subfield><subfield code="z">New York</subfield><subfield code="z">Brooklyn.</subfield><subfield code="2">fast</subfield><subfield code="0">(OCoLC)fst01312516</subfield></datafield><datafield ind1=" " ind2="7" tag="651"><subfield code="a">New York (State)</subfield><subfield code="z">New York County.</subfield><subfield code="2">fast</subfield><subfield code="0">(OCoLC)fst01234953</subfield></datafield><datafield ind1=" " ind2=" " tag="752"><subfield code="a">United States</subfield><subfield code="b">New York</subfield><subfield code="c">New York</subfield><subfield code="d">New York.</subfield></datafield><datafield ind1="1" ind2=" " tag="775"><subfield code="t">New York Amsterdam news (New York, N.Y. : 1943 : National ed.)</subfield><subfield code="w">(DLC)sn 85042678</subfield><subfield code="w">(OCoLC)12774267</subfield></datafield><datafield ind1="1" ind2=" " tag="775"><subfield code="t">National New York Amsterdam news</subfield><subfield code="w">(DLC)sn 85042679</subfield><subfield code="w">(OCoLC)12774326</subfield></datafield><datafield ind1="1" ind2=" " tag="775"><subfield code="t">New York Amsterdam news (New York, N.Y. : 1962 : National ed.)</subfield><subfield code="w">(DLC)sn 86058068</subfield><subfield code="w">(OCoLC)13416735</subfield></datafield><datafield ind1="0" ind2="8" tag="776"><subfield code="i">Online version:</subfield><subfield code="t">New York Amsterdam news (New York, N.Y. : 1943 : City ed.)</subfield><subfield code="w">(OCoLC)722516769</subfield></datafield><datafield ind1="0" ind2="7" tag="780"><subfield code="t">New York Amsterdam star-news</subfield><subfield code="w">(DLC)sn 85042676</subfield><subfield code="w">(OCoLC)12774128</subfield></datafield><datafield ind1="1" ind2="7" tag="785"><subfield code="t">New York Amsterdam news (New York, N.Y. : 1962 : National ed.)</subfield><subfield code="w">(DLC)sn 86058068</subfield><subfield code="w">(OCoLC)13416735</subfield></datafield><datafield ind1="1" ind2="7" tag="785"><subfield code="t">New York Amsterdam news (New York, N.Y. : 1962)</subfield><subfield code="x">1059-1818</subfield><subfield code="w">(DLC)sn 86058069</subfield><subfield code="w">(OCoLC)13416782</subfield></datafield></record>